<record><leader>00000cas a22000007a 4500</leader><controlfield tag="001">16619399</controlfield><controlfield tag="008">870831c19269999ohudr ne      0    0eng d</controlfield><datafield ind1=" " ind2=" " tag="010"><subfield code="a">sn 87076567 </subfield></datafield><datafield ind1=" " ind2=" " tag="040"><subfield code="a">ONP</subfield><subfield code="b">eng</subfield><subfield code="c">ONP</subfield><subfield code="d">OCLCQ</subfield></datafield><datafield ind1="1" ind2=" " tag="029"><subfield code="a">AU@</subfield><subfield code="b">000025800822</subfield></datafield><datafield ind1="1" ind2=" " tag="029"><subfield code="a">NZ1</subfield><subfield code="b">11697536</subfield></datafield><datafield ind1="1" ind2=" " tag="029"><subfield code="a">NZ1</subfield><subfield code="b">16076165</subfield></datafield><datafield ind1=" " ind2=" " tag="042"><subfield code="a">msc</subfield></datafield><datafield ind1="0" ind2="4" tag="245"><subfield code="a">The Lima news.</subfield></datafield><datafield ind1="3" ind2="0" tag="246"><subfield code="a">Lima Sunday news</subfield></datafield><datafield ind1=" " ind2=" " tag="260"><subfield code="a">Lima, Ohio :</subfield><subfield code="b">[s.n.],</subfield><subfield code="c">1926-</subfield></datafield><datafield ind1=" " ind2=" " tag="300"><subfield code="a">v.</subfield></datafield><datafield ind1=" " ind2=" " tag="310"><subfield code="a">Daily</subfield></datafield><datafield ind1=" " ind2=" " tag="500"><subfield code="a">On Sundays published as: Lima Sunday news.</subfield></datafield><datafield ind1=" " ind2=" " tag="515"><subfield code="a">Suspended May 10-June 27, 1957.</subfield></datafield><datafield ind1=" " ind2=" " tag="588"><subfield code="a">Description based on: 43rd year (June 21, 1926).</subfield></datafield><datafield ind1=" " ind2="4" tag="651"><subfield code="a">Lima (Ohio)</subfield><subfield code="v">Newspapers.</subfield></datafield><datafield ind1=" " ind2="4" tag="651"><subfield code="a">Allen County (Ohio)</subfield><subfield code="v">Newspapers.</subfield></datafield><datafield ind1=" " ind2=" " tag="752"><subfield code="a">United States</subfield><subfield code="b">Ohio</subfield><subfield code="c">Allen</subfield><subfield code="d">Lima.</subfield></datafield><datafield ind1="0" ind2="0" tag="780"><subfield code="t">Lima news and Times-Democrat</subfield><subfield code="w">(DLC)sn 90068590</subfield></datafield><datafield ind1="1" ind2=" " tag="787"><subfield code="t">Bulletin (Lima, Ohio)</subfield><subfield code="w">(DLC)sn 87076568</subfield></datafield></record>